<?xml version="1.0" encoding="UTF-8"?>
<record xmlns="http://www.loc.gov/MARC21/slim">
   <leader>00836cam a2200229Mi 4500</leader>
   <controlfield tag="001">2761787</controlfield>
   <controlfield tag="003">NjP</controlfield>
   <controlfield tag="005">20100810133507.0</controlfield>
   <controlfield tag="008">860502s1957    iq a     b    000 0 ararc</controlfield>
   <datafield tag="024" ind1="7" ind2=" ">
      <subfield code="a">princeton_aco004957</subfield>
      <subfield code="2">local</subfield>
   </datafield>
   <datafield ind1=" " ind2=" " tag="010">
      <subfield code="a">ne 66001757  </subfield>
   </datafield>
   <datafield ind1=" " ind2=" " tag="035">
      <subfield code="a">(OCoLC)ocm23497273</subfield>
   </datafield>
   <datafield ind1=" " ind2=" " tag="035">
      <subfield code="9">CNF6601TS</subfield>
   </datafield>
   <datafield ind1=" " ind2=" " tag="040">
      <subfield code="a">EYM</subfield>
      <subfield code="c">EYM</subfield>
      <subfield code="d">PUL</subfield>
   </datafield>
   <datafield ind1=" " ind2="4" tag="050">
      <subfield code="a">NA6145</subfield>
      <subfield code="b">.K45</subfield>
   </datafield>
   <datafield ind1="1" ind2=" " tag="100">
      <subfield code="a">Khayyāṭ, ʻAbd al-Ḥamīd.</subfield>
   </datafield>
   <datafield ind1="1" ind2="0" tag="245">
      <subfield code="a">Tārīkh al-rawḍah al-Ḥusaynīyah al-muṣawwar /</subfield>
      <subfield code="c">taʾlīf ʻAbd al-Ḥamīd al-Khayyāṭ.</subfield>
   </datafield>
   <datafield ind1=" " ind2=" " tag="260">
      <subfield code="a">[Baghdād?] :</subfield>
      <subfield code="b">Dār al-Kashshāf lil-Nashr wa-al-Ṭibāʻah wa-al-Tawzīʻ,</subfield>
      <subfield code="c">1957.</subfield>
   </datafield>
   <datafield ind1=" " ind2=" " tag="300">
      <subfield code="a">46 p. :</subfield>
      <subfield code="b">(chiefly illus.) ;</subfield>
      <subfield code="c">24 cm.</subfield>
   </datafield>
   <datafield ind1=" " ind2=" " tag="504">
      <subfield code="a">Bibliography: p. 12.</subfield>
   </datafield>
   <datafield ind1="0" ind2="0" tag="600">
      <subfield code="a">Ḥusayn ibn ʻAlī,</subfield>
      <subfield code="d">d. 680</subfield>
      <subfield code="x">Grave.</subfield>
   </datafield>
   <datafield ind1=" " ind2=" " tag="945">
      <subfield code="a">F</subfield>
      <subfield code="b">1</subfield>
      <subfield code="c">2271.50898.389</subfield>
   </datafield>
   <datafield ind1=" " ind2=" " tag="911">
      <subfield code="a">20000130</subfield>
   </datafield>
   <datafield ind1="0" ind2="0" tag="852">
      <subfield code="0">3072569</subfield>
      <subfield code="b">nec</subfield>
      <subfield code="t">1</subfield>
      <subfield code="h">NA6145</subfield>
      <subfield code="i">.K45 1957</subfield>
   </datafield>
   <datafield ind1=" " ind2=" " tag="959">
      <subfield code="a">2009-06-30 15:01:56 -0400</subfield>
   </datafield>
</record>
